% Quellen bitte Alphabetisch nach Nachname einf√ºgen :)
